@misc{mozRR,
  doi = {10.48550/ARXIV.1705.05937},
  
  url = {https://arxiv.org/abs/1705.05937},
  
  author = {O'Callahan, Robert and Jones, Chris and Froyd, Nathan and Huey, Kyle and Noll, Albert and Partush, Nimrod},
  
  keywords = {Programming Languages (cs.PL), FOS: Computer and information sciences, FOS: Computer and information sciences},
  
  title = {Engineering Record And Replay For Deployability: Extended Technical Report},
  
  publisher = {arXiv},
  
  year = {2017},
  
  copyright = {Creative Commons Attribution 4.0 International}
}

@Inproceedings{firstDemoReference,
    author    = {My Name and A Co-Author},
    title     = {Useless Stuff That No One Cares About},
    booktitle = {\bibstoc{coolest}{XX}},
    year      = {2025},
    pages     = {42--1337},
    publisher = ACM,
    numpages  = {1296},
}

@Article{secondDemoReference,
    author    = {My Name and First Co-Author and Second Co-Author and Third Co-Author and Fourth Co-Author},
    title     = {Dear Lord! How Did This Get Accepted?},
    journal   = ZMLGM,
    year      = {2030},
    volume    = {42},
    number    = {1},
    pages     = {2--1024},
    publisher = {No Clue},
}
